<?xml version="1.0" encoding="UTF-8"?><record xmlns="http://www.loc.gov/MARC21/slim" xmlns:cinclude="http://apache.org/cocoon/include/1.0" xmlns:zs="http://www.loc.gov/zing/srw/">
  <leader>01246cz  a2200169n  4500</leader>
  <controlfield tag="001">n  98800864 </controlfield>
  <controlfield tag="003">DLC</controlfield>
  <controlfield tag="005">20030606115053.0</controlfield>
  <controlfield tag="008">980317n| acannaab           |a aaa      </controlfield>
  <datafield tag="010" ind1=" " ind2=" ">
    <subfield code="a">n  98800864 </subfield>
  </datafield>
  <datafield tag="040" ind1=" " ind2=" ">
    <subfield code="a">DNLM</subfield>
    <subfield code="c">DLC</subfield>
    <subfield code="d">DLC</subfield>
  </datafield>
  <datafield tag="100" ind1="1" ind2=" ">
    <subfield code="a">White, Dean K.,</subfield>
    <subfield code="d">1944-</subfield>
  </datafield>
  <datafield tag="400" ind1="1" ind2=" ">
    <subfield code="a">White, Dean H.,</subfield>
    <subfield code="d">1944-</subfield>
  </datafield>
  <datafield tag="670" ind1=" " ind2=" ">
    <subfield code="a">Color atlas of clinical oral pathology, c1998:</subfield>
    <subfield code="b">CIP t.p. (Dean H. White, DDS, MSD; prof. and head of Oral Pathology, Univ. of Kentucky College of Dent., Lexington, Ky.)</subfield>
  </datafield>
  <datafield tag="670" ind1=" " ind2=" ">
    <subfield code="a">University of Kentucky, College of Dentistry faculty Web site, June 6, 2003</subfield>
    <subfield code="b">(Division of Oral Pathology: Dean K. White, D.D.S., M.S.D., division chief; D.D.S., Missouri, 1970; M.S.D., Indiana, 1972)</subfield>
  </datafield>
  <datafield tag="670" ind1=" " ind2=" ">
    <subfield code="a">U.S. copyright file, June 6, 2003</subfield>
    <subfield code="b">(Color atlas of clinical oral pathology, 1990: Dean K. White; Color atlas of clinical oral pathology, c1999: Dean H. White; An Atlas of soft tissue malignancies of the oral and paraoral structures, c1977: Dean K. White)</subfield>
  </datafield>
  <datafield tag="670" ind1=" " ind2=" ">
    <subfield code="a">Indiana University--Bloomington Web OPAC, June 6, 2003</subfield>
    <subfield code="b">(White, Dean K., 1944- (A histological and histochemical study of changes in striated skeletal muscle of rabbits following microarterial embolization, 1972 (Thesis (M.S.D.)--Indiana University School of Dentistry))</subfield>
  </datafield>
</record>